%% This BibTeX bibliography file was created using BibDesk.
%% http://bibdesk.sourceforge.net/


%% Created for Mark Fredrickson at 2012-08-04 15:31:58 -0500 


%% Saved with string encoding Unicode (UTF-8) 



@article{Fredrickson:2010fk,
	Author = {Fredrickson, Mark M. and Testa, Paul F. and Weidmann, Nils B.},
	Date-Added = {2012-08-04 14:11:53 -0500},
	Date-Modified = {2012-08-04 15:31:58 -0500},
	Journal = {The Political Methodologist},
	Number = {2},
	Pages = {19 -- 23},
	Title = {Collaboration for Social Scientists, or Software is the Easy Part},
	Volume = {18},
	Year = {2011},
	Bdsk-File-1 = {YnBsaXN0MDDUAQIDBAUIJidUJHRvcFgkb2JqZWN0c1gkdmVyc2lvblkkYXJjaGl2ZXLRBgdUcm9vdIABqAkKFRYXGyIjVSRudWxs0wsMDQ4RFFpOUy5vYmplY3RzV05TLmtleXNWJGNsYXNzog8QgASABqISE4ACgAOAB1lhbGlhc0RhdGFccmVsYXRpdmVQYXRo0hgNGRpXTlMuZGF0YU8RAnYAAAAAAnYAAgAADE1hY2ludG9zaCBIRAAAAAAAAAAAAAAAAAAAAMOSBUdIKwAABD8+5x9Db2xsYWJvcmF0aW9uIGZvciBTIzQzRjNEMDYucGRmAAAAAAAAAAAAAAAAAAAAAAAAAAAAAAAAAAAAAAAAAAAEPz0GzEGCWAAAAAAAAAAAAAIAAwAACSAAAAAAAAAAAAAAAAAAAAAYRnJlZHJpY2tzb25UZXN0YVdlaWRtYW5uABAACAAAw5JZpwAAABEACAAAzEHIqAAAAAEAFAQ/PucAR4HhAAk+oAAGKwUAAHmIAAIAYU1hY2ludG9zaCBIRDpVc2VyczptYXJrOkRvY3VtZW50czpQYXBlcnM6RnJlZHJpY2tzb25UZXN0YVdlaWRtYW5uOkNvbGxhYm9yYXRpb24gZm9yIFMjNDNGM0QwNi5wZGYAAA4AggBAAEMAbwBsAGwAYQBiAG8AcgBhAHQAaQBvAG4AIABmAG8AcgAgAFMAbwBjAGkAYQBsACAAUwBjAGkAZQBuAHQAaQBzAHQAcwAsACAAbwByACAAUwBvAGYAdAB3AGEAcgBlACAAaQBzACAAdABoAGUAIABFAGEAcwB5AC4AcABkAGYADwAaAAwATQBhAGMAaQBuAHQAbwBzAGgAIABIAEQAEgB1VXNlcnMvbWFyay9Eb2N1bWVudHMvUGFwZXJzL0ZyZWRyaWNrc29uVGVzdGFXZWlkbWFubi9Db2xsYWJvcmF0aW9uIGZvciBTb2NpYWwgU2NpZW50aXN0cywgb3IgU29mdHdhcmUgaXMgdGhlIEVhc3kucGRmAAATAAEvAAAVAAIAC///AACABdIcHR4fWCRjbGFzc2VzWiRjbGFzc25hbWWjHyAhXU5TTXV0YWJsZURhdGFWTlNEYXRhWE5TT2JqZWN0XxBmLi4vLi4vUGFwZXJzL0ZyZWRyaWNrc29uVGVzdGFXZWlkbWFubi9Db2xsYWJvcmF0aW9uIGZvciBTb2NpYWwgU2NpZW50aXN0cywgb3IgU29mdHdhcmUgaXMgdGhlIEVhc3kucGRm0hwdJCWiJSFcTlNEaWN0aW9uYXJ5EgABhqBfEA9OU0tleWVkQXJjaGl2ZXIACAARABYAHwAoADIANQA6ADwARQBLAFIAXQBlAGwAbwBxAHMAdgB4AHoAfACGAJMAmACgAxoDHAMhAyoDNQM5A0cDTgNXA8ADxQPIA9UD2gAAAAAAAAIBAAAAAAAAACgAAAAAAAAAAAAAAAAAAAPs}}
